@incollection{bronshtein2015algebra,
  title={Algebra and Discrete Mathematics},
  author={Bronshtein, Ilja N and Semendyayev, Konstantin A and Musiol, Gerhard and M{\"u}hlig, Heiner},
  booktitle={Handbook of Mathematics},
  pages={94--95},
  year={2015},
  publisher={Springer}
}